@STRING{pka	= {Psychometrika} }

@Article{	  ben80,
  author	= {P. M. Bentler and D. G. Bonett},
  title		= {Significance tests and goodness of fit in the analysis of
		  covariance structures},
  journal	= {Psychological Bulletin},
  year		= {1980},
  volume	= {88},
  pages		= {588--606},
  owner		= {merkle},
  timestamp	= {2012.07.26}
}

@Book{		  fer96,
  title		= {A course in large sample theory},
  publisher	= {London:\ Chapman \& Hall},
  year		= {1996},
  author	= {T. S. Ferguson},
  owner		= {merkle},
  timestamp	= {2011.11.09}
}

@Article{	  frofan11,
  author	= {J. J. Froh and J. Fan and R. A. Emmons and G. Bono and E.
		  S. Huebner and P. Watkins},
  title		= {Measuring gratitude in youth:\ {A}ssessing the
		  psychometric properties of adult gratitude scales in
		  children and adolescents},
  journal	= {Psychological Assessment},
  year		= {2011},
  volume	= {23},
  pages		= {311--324},
  owner		= {merkle},
  timestamp	= {2012.08.10}
}

@Article{	  hjokon02,
  author	= {N. L. Hjort and A. Koning},
  title		= {Tests for constancy of model parameters over time},
  journal	= {Nonparametric Statistics},
  year		= {2002},
  volume	= {14},
  pages		= {113--132},
  owner		= {merkle},
  timestamp	= {2009.07.17}
}

@Unpublished{	  kopzei10,
  author	= {J. Kopf and A. Zeileis and C. Strobl},
  title		= {A new statistical method for detecting differential item
		  functioning in the {R}asch model},
  note		= {Presented at the {S}econd {W}orkshop on {P}sychometric
		  {C}omputing, {L}udwig-{M}aximilians {U}niversity},
  year		= {2010},
  owner		= {merkle},
  timestamp	= {2010.06.18}
}

@Article{	  mel89,
  author	= {G. J. Mellenbergh},
  title		= {Item bias and item response theory},
  journal	= {International Journal of Educational Research},
  year		= {1989},
  volume	= {13},
  pages		= {127--143},
  owner		= {merkle},
  timestamp	= {2011.11.10}
}

@Article{	  merzei12,
  author	= {E. C. Merkle and A. Zeileis},
  title		= {Tests of measurement invariance without subgroups: {A}
		  generalization of classical methods},
  journal	= {Psychometrika},
  year		= {in press},
  owner		= {merkle},
  timestamp	= {2012.07.26}
}

@Book{		  mil11,
  title		= {Statistical Approaches to Measurement Invariance},
  publisher	= {{N}ew York:\ {R}outledge},
  year		= {2011},
  author	= {R. E. Millsap},
  owner		= {merkle},
  timestamp	= {2011.11.03}
}

@Article{	  sat89,
  author	= {A. Satorra},
  title		= {Alternative test criteria in covariance structure
		  analysis:\ {A} unified approach},
  journal	= pka,
  year		= {1989},
  volume	= {54},
  pages		= {131--151},
  owner		= {merkle},
  timestamp	= {2010.05.27}
}

@Article{	  zeihor07,
  author	= {A. Zeileis and K. Hornik},
  title		= {Generalized {M}-fluctuation tests for parameter
		  instability},
  journal	= {Statistica Neerlandica},
  year		= {2007},
  volume	= {61},
  pages		= {488--508},
  owner		= {merkle},
  timestamp	= {2009.03.17}
}

@Article{	  zeilei02,
  author	= {A. Zeileis and F. Leisch and K. Hornik and C. Kleiber},
  title		= {strucchange:\ {A}n {R} package for testing structural
		  change in linear regression models},
  journal	= {Journal of Statistical Software},
  year		= {2002},
  volume	= {7},
  pages		= {1--38},
  owner		= {merkle},
  timestamp	= {2010.05.27},
  url		= {http://www.jstatsoft.org/v07/i02/}
}

@Article{	lavaan11,
  author        = {Yves Rosseel},
  title         = {{lavaan}: An {R} Package for Structural Equation Modeling},
  journal       = {Journal of Statistical Software},
  year          = {2012},
  volume        = {48},
  number        = {2},
  pages         = {1--36},
  url           = {http://www.jstatsoft.org/v48/i02/}
}

@Manual{	r11,
  title		= {{R}: {A} Language and Environment for Statistical Computing},
  author	= {{R Development Core Team}},
  organization	= {{R} Foundation for Statistical Computing},
  address	= {Vienna, Austria},
  year		= {2012},
  note          = {{ISBN} 3-900051-07-0},
  howpublished	= {URL \url{http://www.R-project.org/}}
}

@Article{	  zei06,
  author	= {Achim Zeileis},
  title		= {Implementing a Class of Structural Change Tests:
		  {A}n Econometric Computing Approach},
  journal	= {Computational Statistics \& Data Analysis},
  volume	= {50},
  number	= {11},
  pages		= {2987--3008},
  year		= {2006},
}