@Article{	  and93,
  author	= {D. W. K. Andrews},
  title		= {Tests for Parameter Instability and Structural Change with Unknown Change Point},
  journal	= {Econometrica},
  year		= {1993},
  volume	= {61},
  pages		= {821--856},
}

@ARTICLE{BauCur04,
  author	= {D. J. Bauer and P. J. Curran},
  title		= {The Integration of Continuous and Discrete Latent Variable Models:
		   {P}otential Problems and Promising Opportunities},
  journal	= {Psychological Methods},
  year		= {2004},
  volume	= {9},
  pages		= {3--29}
}

@ARTICLE{BauHus09,
  author	= {D. J. Bauer and A. M. Hussong},
  title		= {Psychometric Approaches for Developing Commensurate Measures across
		   Independent Studies: {T}raditional and New Models},
  journal	= {Psychological Methods},
  year		= {2009},
  volume	= {14},
  pages		= {101--125}
}

@Article{	boknea11,
  title		= {{OpenMx}: An Open Source Extended Structural Equation
  		   Modeling Framework},
  author	= {Steven Boker and Michael Neale and Hermine Maes and Michael Wilde and
  		   Michael Spiegel and Timothy Brick and Jeffrey Spies and Ryne Estabrook and
		   Sarah Kenny and Timothy Bates and Paras Mehta and John Fox},
  journal	= {Psychometrika},
  year		= {2011},
  volume	= {76},
  number	= {2},
  pages		= {306--317},
  doi		= {10.1007/S11336-010-9200-6}
}

@Book{		  bol89,
  author	= {K. A. Bollen},
  title		= {Structural Equations with Latent Variables},
  publisher	= {John {W}iley \& Sons},
  address	= {New York},
  year		= {1989}
}

@Article{	  bor06a,
  author	= {D. Borsboom},
  title		= {When Does Measurement Invariance Matter?},
  journal	= {Medical Care},
  year		= {2006},
  volume	= {44},
  pages		= {S176--S181},
  number	= {11},
}

@Book{		  brefri84,
  author	= {L. Breiman and J. H. Friedman and R. A. Olshen and C. J. Stone},
  title		= {Classification and Regression Trees},
  publisher	= {Wadsworth},
  address	= {Belmont, CA},
  year		= {1984}
}

@Article{	  brodur75,
  author	= {R. L. Brown and J. Durbin and J. M. Evans},
  title		= {Techniques for Testing the Constancy of Regression
		   Relationships Over Time},
  journal	= {Journal of the Royal Statistical Society B},
  year		= {1975},
  volume	= {37},
  pages		= {149--163},
}

@Article{	  choubent90,
  author	= {C.-P. Chou and P. M. Bentler},
  title		= {Model Modification in Covariance Structure Modeling: {A}
		   Comparison among Likelihood Ratio, {L}agrange Multiplier,
		   and {W}ald Tests},
  journal	= {Multivariate Behavioral Research},
  year		= {1990},
  volume	= {25},
  pages		= {115--136},
}

@ARTICLE{DolMaa98,
  author	= {Dolan, C. V. and van der Maas, H. L. J.},
  title		= {Fitting Multivariate Normal Finite Mixtures Subject to Structural
		   Equation Modeling},
  journal	= {Psychometrika},
  year		= {1998},
  volume	= {63},
  pages		= {227--253}
}

@BOOK{Fer96,
  title		= {A Course in Large Sample Theory},
  publisher	= {Chapman \& Hall},
  address	= {London},
  year		= {1996},
  author	= {T. S. Ferguson}
}

@Article{	  han92,
  author	= {B. E. Hansen},
  title		= {Testing for Parameter Instability in Linear Models},
  journal	= {Journal of Policy Modeling},
  year		= {1992},
  volume	= {14},
  pages		= {517--533},
}

@Article{	  han97,
  author	= {Bruce E. Hansen},
  title		= {Approximate Asymptotic {$p$} Values for Structural-Change Tests},
  journal	= {Journal of Business \& Economic Statistics},
  year		= {1997},
  volume	= {15},
  pages		= {60--67},
}

@Article{	  hjokon02,
  author	= {N. L. Hjort and A. Koning},
  title		= {Tests for Constancy of Model Parameters over Time},
  journal	= {Nonparametric Statistics},
  year		= {2002},
  volume	= {14},
  pages		= {113--132},
}

@Article{	  hormca92,
  author	= {J. L. Horn and J. J. Mc{A}rdle},
  title		= {A Practical and Theoretical Guide to Measurement
		   Invariance in Aging Research},
  journal	= {Experimental Aging Research},
  year		= {1992},
  volume	= {18},
  pages		= {117--144},
}

@Article{	  jor71,
  author	= {K. G. J\"{o}reskog},
  title		= {Simultaneous Factor Analysis in Several Populations},
  journal	= {Psychometrika},
  year		= {1971},
  volume	= {36},
  pages		= {409--426},
}

@TechReport{	  kopzei10,
  author	= {Carolin Strobl and Julia Kopf and Achim Zeileis},
  title		= {A New Method for Detecting Differential Item Functioning in the {R}asch Model},
  institution	= {Department of Statistics, Ludwig-Maximilians-Universit\"at M\"unchen},
  year		= {2010},
  type		= {Technical Report},
  number	= {92},
  month	        = {December},
  howpublished	= {URL \url{http://epub.ub.uni-muenchen.de/11915/}}
}

@ARTICLE{LubMut05,
  author	= {G. H. Lubke and B. Muth\'{e}n},
  title		= {Investigating Population Heterogeneity with Factor Mixture Models},
  journal	= {Psychological Methods},
  year		= {2005},
  volume	= {10},
  pages		= {21--39}
}

@Article{	  maczha02,
  author	= {R. C. Mac{C}allum and S. Zhang and K. J. Preacher and D.
		  D. Rucker},
  title		= {On the Practice of Dichotomization of Quantitative Variables},
  journal	= {Psychological Methods},
  year		= {2002},
  volume	= {7},
  pages		= {19--40},
}

@Book{		  mcd99,
  author	= {R. P. Mc{D}onald},
  title		= {Test Theory: {A} Unified Treatment},
  publisher	= {Lawrence Erlbaum Associates},
  address	= {Mahwah, NJ},
  year		= {1999},
}

@ARTICLE{Mel89,
  author	= {G. J. Mellenbergh},
  title		= {Item Bias and Item Response Theory},
  journal	= {International Journal of Educational Research},
  year		= {1989},
  volume	= {13},
  pages		= {127--143}
}

@Article{	  mer93,
  author	= {W. Meredith},
  title		= {Measurement Invariance, Factor Analysis, and Factorial Invariance},
  journal	= {Psychometrika},
  year		= {1993},
  volume	= {58},
  pages		= {525--543},
}

@Article{	  mersha10,
  author	= {E. C. Merkle and V. A. Shaffer},
  title		= {Binary Recursive Partitioning Methods with Application to Psychology},
  journal	= {British Journal of Mathematical and Statistical Psychology},
  year		= {2011},
  volume	= {64},
  number	= {1},
  pages		= {161--181}
}

@InCollection{	  mil05,
  author	= {R. E. Millsap},
  title		= {Four Unresolved Problems in Studies of Factorial Invariance},
  booktitle	= {Contemporary Psychometrics},
  publisher	= {Lawrence Erlbaum Associates},
  address	= {Mahwah, NJ},
  year		= {2005},
  editor	= {A. Maydeu-Olivares and J. J. McArdle},
  pages		= {153--171},
}

@BOOK{Mil11,
  title		= {Statistical Approaches to Measurement Invariance},
  publisher	= {Routledge},
  address	= {New York},
  year		= {2011},
  author	= {R. E. Millsap}
}

@ARTICLE{MolDol10,
  author	= {Molenaar, D. and Dolan, C. V. and Wicherts, J. M. and van der Mass, H. L. J.},
  title		= {Modeling Differentiation of Cognitive Abilities within the Higher-Order
		   Factor Model Using Moderated Factor Analysis},
  journal	= {Intelligence},
  year		= {2010},
  volume	= {38},
  pages		= {611--624}
}

@Article{	  nyb89,
  author	= {J. Nyblom},
  title		= {Testing for the Constancy of Parameters over Time},
  journal	= {Journal of the American Statistical Association},
  year		= {1989},
  volume	= {84},
  pages		= {223--230},
}

@Article{	  plokra92,
  author	= {Werner Ploberger and Walter Kr{\"a}mer},
  title		= {The {CUSUM} Test with {OLS} Residuals},
  journal	= {Econometrica},
  year		= {1992},
  volume	= {60},
  number	= {2},
  pages		= {271--285}
}

@ARTICLE{Pur02,
  author	= {S. Purcell},
  title		= {Variance Components Models for Gene-Environment Interaction in Twin Analysis},
  journal	= {Twin Research},
  year		= {2002},
  volume	= {5},
  pages 	= {554--571}
}

@Manual{	r11,
  title		= {{R}: {A} Language and Environment for Statistical Computing},
  author	= {{R Development Core Team}},
  organization	= {{R} Foundation for Statistical Computing},
  address	= {Vienna, Austria},
  year		= {2011},
  note          = {{ISBN} 3-900051-07-0},
  howpublished	= {URL \url{http://www.R-project.org/}}
}

@Manual{	lavaan11,
  title		= {{lavaan}: Latent Variable Analysis},
  author	= {Yves Rosseel},
  year		= {2012},
  note		= {{R}~package version~0.4-12},
  howpublished	= {URL \url{http://CRAN.R-project.org/package=lavaan}},
}


@Phdthesis{	  san09,
  author	= {G. S\'{a}nchez},
  title		= {{PATHMOX} Approach: {S}egmentation Trees in Partial Least Squares Path Modeling},
  school	= {Universitat Polit\'{e}cnica de Catalunya},
  year		= {2009}
}

@Article{	  sat89,
  author	= {A. Satorra},
  title		= {Alternative Test Criteria in Covariance Structure
		   Analysis: {A} Unified Approach},
  journal	= {Psychometrika},
  year		= {1989},
  volume	= {54},
  pages		= {131--151},
}

@Book{		  showel86,
  author	= {G. R. Shorack and J. A. Wellner},
  title		= {Empirical Processes with Applications to Statistics},
  publisher	= {John Wiley \& Sons},
  address	= {New York},
  year		= {1986},
}

@Article{	  sil59,
  author	= {S. D. Silvey},
  title		= {The {L}agrangian Multiplier Test},
  journal	= {The Annals of Mathematical Statistics},
  year		= {1959},
  volume	= {30},
  pages		= {389--407},
}

@Article{	  stache06,
  author	= {S. Stark and O. S. Chernyshenko and F. Drasgow},
  title		= {Detecting Differential Item Functioning with Confirmatory
		   Factor Analysis and Item Response Theory: {T}oward a
		   Unified Strategy},
  journal	= {Journal of Applied Psychology},
  year		= {2006},
  volume	= {91},
  pages		= {1292--1306},
}

@ARTICLE{Ste97,
  author	= {C. M. Steele},
  title		= {A Threat in the Air: {H}ow Stereotypes Shape Intellectual Identity
		   and Performance},
  journal	= {American Psychologist},
  year		= {1997},
  volume	= {52},
  pages		= {613--629}
}

@Article{	  strmal09,
  author	= {C. Strobl and J. Malley and G. Tutz},
  title		= {An Introduction to Recursive Partitioning: {R}ationale,
		   Application, and Characteristics of Classification and
		   Regression Trees, Bagging, and Random Forests},
  journal	= {Psychological Methods},
  year		= {2009},
  volume	= {14},
  pages		= {323--348},
}

@Article{	  wald43,
  author	= {A. Wald},
  title		= {Tests of Statistical Hypotheses Concerning Several
		   Parameters when the Number of Observations Is Large},
  journal	= {Transactions of the American Mathematical Society},
  year		= {1943},
  volume	= {54},
  pages		= {426--482},
}

@ARTICLE{WicDol05,
  author	= {J. M. Wicherts and C. V. Dolan and D. J. Hessen},
  title		= {Stereotype Threat and Group Differences in Test Performance:
  		   {A} Question of Measurement Invariance},
  journal	= {Journal of Personality and Social Psychology},
  year		= {2005},
  volume	= {89},
  number	= {5},
  pages		= {696--716}
}

@InCollection{	  wot00,
  author	= {W. Wothke},
  title		= {Longitudinal and Multi-Group Modeling with Missing Data},
  booktitle	= {Modeling Longitudinal and Multilevel Data: {P}ractical
		  Issues, Applied Approaches, and Specific Examples},
  publisher	= {Lawrence Erlbaum Associates},
  address	= {Mahwah, NJ},
  year		= {2000},
  editor	= {T. D. Little and K. U. Schnabel and J. Baumert}
}

@Article{	zeilei02,
  author	= {Achim Zeileis and Friedrich Leisch and Kurt Hornik and
                   Christian Kleiber},
  title		= {{strucchange}: {A}n {R} Package for Testing
                   for Structural Change in Linear Regression Models},
  journal	= {Journal of Statistical Software},
  year		= {2002},
  volume	= {7},
  number	= {2},
  pages		= {1--38},
  howpublished	= {URL \url{http://www.jstatsoft.org/v07/i02/}}
}

@Article{	  zei05,
  author	= {Achim Zeileis},
  title		= {A Unified Approach to Structural Change Tests Based
		  on {ML}~Scores, {$F$}~Statistics, and {OLS}~Residuals},
  journal	= {Econometric Reviews},
  year		= {2005},
  volume	= {24},
  number	= {4},
  pages		= {445--466},
}

@Article{	  zei06,
  author	= {Achim Zeileis},
  title		= {Implementing a Class of Structural Change Tests:
		  {A}n Econometric Computing Approach},
  journal	= {Computational Statistics \& Data Analysis},
  volume	= {50},
  number	= {11},
  pages		= {2987--3008},
  year		= {2006},
}

@Article{	  zeihor07,
  author	= {A. Zeileis and K. Hornik},
  title		= {Generalized {M}-Fluctuation Tests for Parameter Instability},
  journal	= {Statistica Neerlandica},
  year		= {2007},
  volume	= {61},
  pages		= {488--508},
}

@Article{	  zeihot08,
  author	= {A. Zeileis and T. Hothorn and K. Hornik},
  title		= {Model-Based Recursive Partitioning},
  journal	= {Journal of Computational and Graphical Statistics},
  year		= {2008},
  volume	= {17},
  pages		= {492--514},
}

@Article{	  zeisha10,
  author	= {A. Zeileis and A. Shah and I. Patnaik},
  title		= {Testing, Monitoring, and Dating Structural Changes in
		   Exchange Rate Regimes},
  journal	= {Computational Statistics \& Data Analysis},
  year		= {2010},
  volume	= {54},
  pages		= {1696--1706},
}

