% This file was created with JabRef 2.10b2.
% Encoding: UTF-8


@Manual{r11,
  Title                    = {\proglang{R}: {A} Language and Environment for Statistical Computing},

  Address                  = {Vienna, Austria},
  Author                   = {{\proglang{R} Core Team}},
  Organization             = {\proglang{R} Foundation for Statistical Computing},
  Year                     = {2013},

  Url                      = {http://www.R-project.org/}
}

@Misc{atk01,
  Title                    = {Standardized tests and access to {A}merican universities},

  Author                   = {Atkinson, Richard},
  Year                     = {2001},

  Url                      = {http://works.bepress.com/cgi/viewcontent.cgi?article=1035&context=richard_atkinson}
}

@Article{bauhus09,
  Title                    = {Psychometric Approaches for Developing Commensurate Measures across Independent Studies: Traditional and New Models},
  Author                   = {D. J. Bauer and A. M. Hussong},
  Journal                  = {Psychological Methods},
  Year                     = {2009},
  Pages                    = {101--125},
  Volume                   = {14}
}

@Article{bentler90,
  Title                    = {Comparative Fit Indexes in Structural Models},
  Author                   = {Bentler, Peter M.},
  Journal                  = {Psychological Bulletin},
  Year                     = {1990},
  Pages                    = {238--246},
  Volume                   = {107}
}

@Article{ben80,
  Title                    = {Significance Tests and Goodness of Fit in the Analysis of Covariance Structures},
  Author                   = {P. M. Bentler and D. G. Bonett},
  Journal                  = {Psychological Bulletin},
  Year                     = {1980},
  Pages                    = {588--606},
  Volume                   = {88}
}

@Book{bollen98,
  Title                    = {Structural Equation Models},
  Author                   = {Bollen, Kenneth A.},
  Publisher                = {John Wiley \& Sons},
  Year                     = {1998}
}

@InCollection{broarm95,
  Title                    = {Specification and Estimation of Mean- and Covariance-Structure Models},
  Author                   = {M. W. Browne and G. Arminger},
  Booktitle                = {Handbook of Statistical Modeling for the Social and Behavioral Sciences},
  Publisher                = {Plenum Press},
  Year                     = {1995},

  Address                  = {New York},
  Editor                   = {G. Arminger and C. C. Clogg and M. E. Sobel},
  Pages                    = {185--249}
}

@InCollection{BroCud93,
  Title                    = {Alternative Ways of Assessing Model Fit},
  Author                   = {M. W. Browne and R. Cudeck},
  Booktitle                = {Testing Structural Equation Models},
  Publisher                = {Sage},
  Year                     = {1993},

  Address                  = {Newbury Park},
  Editor                   = {K. A. Bollen and J. S. Long},
  Pages                    = {136--162}
}

@Article{DolMaa98,
  Title                    = {Fitting Multivariate Normal Finite Mixtures Subject to Structural Equation Modeling},
  Author                   = {Dolan, C. V. and {van der Maas}, H. L. J.},
  Journal                  = {Psychometrika},
  Year                     = {1998},
  Pages                    = {227--253},
  Volume                   = {63}
}

@Book{fer96,
  Title                    = {A Course in Large Sample Theory},
  Author                   = {T. S. Ferguson},
  Publisher                = {Chapman \& Hall},
  Year                     = {1996},

  Address                  = {London}
}

@Article{freed06,
  Title                    = {On the So-Called ``{H}uber Sandwich Estimator'' and ``Robust Standard Errors''},
  Author                   = {Freedman, David A.},
  Journal                  = {The American Statistician},
  Year                     = {2006},
  Number                   = {4},
  Pages                    = {299-302},
  Volume                   = {60}
}

@Article{frofan11,
  Title                    = {Measuring Gratitude in Youth: {A}ssessing the Psychometric Properties of Adult Gratitude Scales in Children and Adolescents},
  Author                   = {J. J. Froh and J. Fan and R. A. Emmons and G. Bono and E. S. Huebner and P. Watkins},
  Journal                  = {Psychological Assessment},
  Year                     = {2011},
  Pages                    = {311--324},
  Volume                   = {23}
}

@Manual{mvtnorm,
  Title                    = {\pkg{mvtnorm}: Multivariate Normal and $t$~Distributions},
  Author                   = {Alan Genz and Frank Bretz and Tetsuhisa Miwa and Xuefei Mi and Friedrich Leisch and Fabian Scheipl and Bj\"orn Bornkamp and Torsten Hothorn},
  Note                     = {R~package version~0.9-9996},
  Year                     = {2013},

  Url                      = {http://CRAN.R-project.org/package=mvtnorm}
}

@Article{han97,
  Title                    = {Approximate Asymptotic {$p$} Values for Structural-Change Tests},
  Author                   = {Bruce E. Hansen},
  Journal                  = {Journal of Business \& Economic Statistics},
  Year                     = {1997},
  Pages                    = {60--67},
  Volume                   = {15}
}

@Article{hjokon02,
  Title                    = {Tests for Constancy of Model Parameters over Time},
  Author                   = {N. L. Hjort and A. Koning},
  Journal                  = {Nonparametric Statistics},
  Year                     = {2002},
  Pages                    = {113--132},
  Volume                   = {14}
}

@Article{hotzei08,
  Title                    = {Generalized Maximally Selected Statistics},
  Author                   = {Torsten Hothorn and Achim Zeileis},
  Journal                  = {Biometrics},
  Year                     = {2008},
  Number                   = {4},
  Pages                    = {1263--1269},
  Volume                   = {64}
}

@Article{lubmut05,
  Title                    = {Investigating Population Heterogeneity with Factor Mixture Models},
  Author                   = {G. H. Lubke and B. Muth\'{e}n},
  Journal                  = {Psychological Methods},
  Year                     = {2005},
  Pages                    = {21--39},
  Volume                   = {10}
}

@Article{mccemm02,
  Title                    = {The Grateful Disposition: A Conceptual and Empirical Topography},
  Author                   = {M. E. McCullough and R. A. Emmons and J.-A. Tsang},
  Journal                  = {Journal of Personality and Social Psychology},
  Year                     = {2002},
  Pages                    = {112--127},
  Volume                   = {82}
}

@Article{mel89,
  Title                    = {Item Bias and Item Response Rheory},
  Author                   = {G. J. Mellenbergh},
  Journal                  = {International Journal of Educational Research},
  Year                     = {1989},
  Pages                    = {127--143},
  Volume                   = {13}
}

@Article{mer93,
  Title                    = {Measurement invariance, factor analysis, and factorial invariance},
  Author                   = {W. Meredith},
  Journal                  = {Psychometrika},
  Year                     = {1993},
  Pages                    = {525--543},
  Volume                   = {58},

  Owner                    = {MI},
  Timestamp                = {2014.01.23}
}

@Article{MerFanZei,
  Title                    = {Testing for Measurement Invariance with Respect to an Ordinal Variable},
  Author                   = {E. C. Merkle and J. Fan and A. Zeileis},
  Journal                  = {Psychometrika},
  Year                     = {in press}
}

@Article{MerZei13,
  Title                    = {Tests of Measurement Invariance without Subgroups: A Generalization of Classical Methods},
  Author                   = {Merkle, Edgar C. and Zeileis, Achim},
  Journal                  = {Psychometrika},
  Year                     = {2013},
  Number                   = {1},
  Pages                    = {59--82},
  Volume                   = {78}
}

@Book{mil11,
  Title                    = {Statistical Approaches to Measurement Invariance},
  Author                   = {R. E. Millsap},
  Publisher                = {Routledge},
  Year                     = {2011},

  Address                  = {New York}
}

@Article{MolDol10,
  Title                    = {Modeling Differentiation of Cognitive Abilities within the Higher-Order Factor Model Using Moderated Factor Analysis},
  Author                   = {Molenaar, D. and Dolan, C. V. and Wicherts, J. M. and van der Mass, H. L. J.},
  Journal                  = {Intelligence},
  Year                     = {2010},
  Pages                    = {611--624},
  Volume                   = {38}
}

@TechReport{muthen13,
  Title                    = {{BSEM} Measurement Invariance Analysis},
  Author                   = {Muth\'{e}n , Bengt and Asparouhov, Tihomir},
  Institution              = {Mplus Web Note 17},
  Year                     = {2013},

  HowPublished             = {URL \url{ http://www.statmodel.com/examples/webnotes/webnote17.pdf}}
}

@Article{pur02,
  Title                    = {Variance Components Models for Gene-Environment Interaction in Twin Analysis},
  Author                   = {S. Purcell},
  Journal                  = {Twin Research},
  Year                     = {2002},
  Pages                    = {554--571},
  Volume                   = {5}
}

@Article{lavaan11,
  Title                    = {\pkg{lavaan}: An \proglang{R} Package for Structural Equation Modeling},
  Author                   = {Yves Rosseel},
  Journal                  = {Journal of Statistical Software},
  Year                     = {2012},
  Number                   = {2},
  Pages                    = {1--36},
  Volume                   = {48},

  Url                      = {http://www.jstatsoft.org/v48/i02/}
}

@Article{sat89,
  Title                    = {Alternative Test Criteria in Covariance Structure Analysis: A Unified Approach},
  Author                   = {A. Satorra},
  Journal                  = {Psychometrika},
  Year                     = {1989},
  Pages                    = {131--151},
  Volume                   = {54}
}

@Article{strkop13,
  Title                    = {A New Method for Detecting Differential Item Functioning in the {R}asch Model},
  Author                   = {Carolin Strobl and Julia Kopf and Achim Zeileis},
  Journal                  = {Psychometrika},
  Year                     = {in press}
}

@Misc{thowat03,
  Title                    = {Measuring the Grateful Trait: Development of the Revised {GRAT}},

  Author                   = {M. Thomas and P. Watkins},
  HowPublished             = {Poster presented at the Annual Convention of the Western Psychological Association, Vancouver, BC},
  Year                     = {2003}
}

@Article{vande12,
  Title                    = {A Checklist for Testing Measurement Invariance},
  Author                   = {{van de Schoot}, Rens and Lugtig, Peter and Hox, Joop},
  Journal                  = {European Journal of Developmental Psychology},
  Year                     = {2012},
  Number                   = {4},
  Pages                    = {486--492},
  Volume                   = {9}
}

@Article{vanlan00,
  Title                    = {A Review and Synthesis of the Measurement Invariance Literature: Suggestions, Practices, and Recommendations for Organizational Research},
  Author                   = {R. J. Vandenberg and C. E. Lance},
  Journal                  = {Organizational Research Methods},
  Year                     = {2000},
  Pages                    = {4--70},
  Volume                   = {3}
}

@Article{wich04,
  Title                    = {Are intelligence tests measurement invariant over time? {I}nvestigating the nature of the {F}lynn effect},
  Author                   = {Wicherts, Jelte M. and Dolan, Conor V. and Hessen, David J. and Oosterveld, Paul and Van Baal, G. Caroline M. and Boomsma, Dorret I. and Span, Mark M.},
  Journal                  = {Intelligence},
  Year                     = {2004},
  Number                   = {5},
  Pages                    = {509-537},
  Volume                   = {32},

  File                     = {Snapshot:/home/wang/.mozilla/firefox/wqz9k2fm.default/zotero/storage/2I8SIH2B/S016028960400056X.html:text/html},
  Owner                    = {wang},
  Shorttitle               = {Are intelligence tests measurement invariant over time?}
}

@Article{zei06,
  Title                    = {Implementing a Class of Structural Change Tests: An Econometric Computing Approach},
  Author                   = {Achim Zeileis},
  Journal                  = {Computational Statistics \& Data Analysis},
  Year                     = {2006},
  Number                   = {11},
  Pages                    = {2987--3008},
  Volume                   = {50}
}

@Article{zei06b,
  Title                    = {Object-Oriented Computation of Sandwich Estimators},
  Author                   = {A. Zeileis},
  Journal                  = {Journal of Statistical Software},
  Year                     = {2006},
  Number                   = {9},
  Pages                    = {1--16},
  Volume                   = {16},

  Url                      = {http://www.jstatsoft.org/v16/i09/}
}

@Article{zeihor07,
  Title                    = {Generalized {M}-Fluctuation Tests for Parameter Instability},
  Author                   = {A. Zeileis and K. Hornik},
  Journal                  = {Statistica Neerlandica},
  Year                     = {2007},
  Pages                    = {488--508},
  Volume                   = {61}
}

@Article{zeilei02,
  Title                    = {\pkg{strucchange}: An \proglang{R} Package for Testing Structural Change in Linear Regression Models},
  Author                   = {A. Zeileis and F. Leisch and K. Hornik and C. Kleiber},
  Journal                  = {Journal of Statistical Software},
  Year                     = {2002},
  Number                   = {2},
  Pages                    = {1--38},
  Volume                   = {7},

  Url                      = {http://www.jstatsoft.org/v07/i02/}
}

@Manual{zeilei12,
  Title                    = {\pkg{psychotools}: Infrastructure for Psychometric Modeling},
  Author                   = {Achim Zeileis and Carolin Strobl and Florian Wickelmaier},
  Note                     = {\proglang{R}~package version~0.1-5},
  Year                     = {2013},

  HowPublished             = {URL \url{http://CRAN.R-project.org/package=psychotools}}
}

@Book{emmmcc04,
  Title                    = {The Psychology of Gratitude},
  Editor                   = {R. A. Emmons and M. E. McCullough},
  Publisher                = {Oxford University Press},
  Year                     = {2004},

  Address                  = {New York}
}



