@STRING{jasa	= {Journal of the American Statistical Association} }
@STRING{pka	= {Psychometrika} }
@STRING{pm	= {Psychological Methods} }

@Article{	  and93,
  author	= {D. W. K. Andrews},
  title		= {Tests for parameter instability and structural change with
		  unknown change point},
  journal	= {Econometrica},
  year		= {1993},
  volume	= {61},
  pages		= {821--856},
  owner		= {merkle},
  timestamp	= {2010.05.27}
}

@Book{		  bol89,
  title		= {Structural equations with latent variables},
  publisher	= {New York:\ {W}iley},
  year		= {1989},
  author	= {K. A. Bollen},
  owner		= {merkle},
  timestamp	= {2009.03.18}
}

@Article{	  bor06a,
  author	= {D. Borsboom},
  title		= {When does measurement invariance matter?},
  journal	= {Medical Care},
  year		= {2006},
  volume	= {44},
  pages		= {S176--S181},
  number	= {11},
  owner		= {merkle},
  timestamp	= {2009.07.22}
}

@Book{		  brefri84,
  title		= {Classification and Regression Trees},
  publisher	= {Belmont, CA:\ Wadsworth},
  year		= {1984},
  author	= {L. Breiman and J. H. Friedman and R. A. Olshen and C. J.
		  Stone}
}

@Article{	  brodur75,
  author	= {R. L. Brown and J. Durbin and J. M. Evans},
  title		= {Techniques for testing the constancy of regression
		  relationships over time},
  journal	= {Journal of the Royal Statistical Society B},
  year		= {1975},
  volume	= {37},
  pages		= {149--163},
  owner		= {merkle},
  timestamp	= {2010.05.27}
}

@Article{	  choubent90,
  author	= {C.-P. Chou and P. M. Bentler},
  title		= {Model modification in covariance structure modeling:\ {A}
		  comparison among likelihood ratio, {L}agrange multiplier,
		  and {W}ald tests},
  journal	= {Multivariate Behavioral Research},
  year		= {1990},
  volume	= {25},
  pages		= {115--136},
  owner		= {merkle},
  timestamp	= {2010.05.27}
}

@Article{	  han92,
  author	= {B. E. Hansen},
  title		= {Testing for parameter instability in linear models},
  journal	= {Journal of Policy Modeling},
  year		= {1992},
  volume	= {14},
  pages		= {517--533},
  owner		= {merkle},
  timestamp	= {2010.09.16}
}

@Article{	  hjokon02,
  author	= {N. L. Hjort and A. Koning},
  title		= {Tests for constancy of model parameters over time},
  journal	= {Nonparametric Statistics},
  year		= {2002},
  volume	= {14},
  pages		= {113--132},
  owner		= {merkle},
  timestamp	= {2009.07.17}
}

@Article{	  hormca92,
  author	= {J. L. Horn and J. J. Mc{A}rdle},
  title		= {A practical and theoretical guide to measurement
		  invariance in aging research},
  journal	= {Experimental Aging Research},
  year		= {1992},
  volume	= {18},
  pages		= {117--144},
  owner		= {merkle},
  timestamp	= {2009.07.03}
}

@Article{	  jor71,
  author	= {K. G. J\"{o}reskog},
  title		= {Simultaneous factor analysis in several populations},
  journal	= pka,
  year		= {1971},
  volume	= {36},
  pages		= {409--426},
  owner		= {merkle},
  timestamp	= {2009.03.18}
}

@Unpublished{	  kopzei10,
  author	= {J. Kopf and A. Zeileis and C. Strobl},
  title		= {A new statistical method for detecting differential item
		  functioning in the {R}asch model},
  note		= {Presented at the {S}econd {W}orkshop on {P}sychometric
		  {C}omputing, {L}udwig-{M}aximilians {U}niversity},
  year		= {2010},
  owner		= {merkle},
  timestamp	= {2010.06.18}
}

@Article{	  maczha02,
  author	= {R. C. Mac{C}allum and S. Zhang and K. J. Preacher and D.
		  D. Rucker},
  title		= {On the practice of dichotomization of quantitative
		  variables},
  journal	= pm,
  year		= {2002},
  volume	= {7},
  pages		= {19--40},
  owner		= {merkle},
  timestamp	= {2010.06.01}
}

@Book{		  mcd99,
  title		= {Test theory:\ {A} unified treatment},
  publisher	= {Mahwah, NJ:\ {E}rlbaum},
  year		= {1999},
  author	= {R. P. Mc{D}onald},
  owner		= {merkle},
  timestamp	= {2010.05.27}
}

@Article{	  mer93,
  author	= {W. Meredith},
  title		= {Measurement invariance, factor analysis, and factorial
		  invariance},
  journal	= pka,
  year		= {1993},
  volume	= {58},
  pages		= {525--543},
  owner		= {merkle},
  timestamp	= {2009.03.19}
}

@Article{	  mersha10,
  author	= {E. C. Merkle and V. A. Shaffer},
  title		= {Binary recursive partitioning methods with application to
		  psychology},
  journal	= {British Journal of Mathematical and Statistical
		  Psychology},
  year		= {in press},
  owner		= {merkle},
  timestamp	= {2008.08.29}
}

@InCollection{	  mil05,
  author	= {R. E. Millsap},
  title		= {Four unresolved problems in studies of factorial
		  invariance},
  booktitle	= {Contemporary Psychometrics},
  publisher	= {Mahwah, NJ:\ Erlbaum Associates},
  year		= {2005},
  editor	= {A. Maydeu-Olivares and J. J. McArdle},
  pages		= {153--171},
  owner		= {merkle},
  timestamp	= {2009.03.18}
}

@Article{	  nyb89,
  author	= {J. Nyblom},
  title		= {Testing for the constancy of parameters over time},
  journal	= jasa,
  year		= {1989},
  volume	= {84},
  pages		= {223--230},
  owner		= {merkle},
  timestamp	= {2010.05.27}
}

@Article{	  sat89,
  author	= {A. Satorra},
  title		= {Alternative test criteria in covariance structure
		  analysis:\ {A} unified approach},
  journal	= pka,
  year		= {1989},
  volume	= {54},
  pages		= {131--151},
  owner		= {merkle},
  timestamp	= {2010.05.27}
}

@Book{		  showel86,
  title		= {Empirical processes with applications to statistics},
  publisher	= {New York:\ Wiley},
  year		= {1986},
  author	= {G. R. Shorack and J. A. Wellner},
  owner		= {merkle},
  timestamp	= {2010.05.27}
}

@Article{	  sil59,
  author	= {S. D. Silvey},
  title		= {The {L}agrangian multiplier test},
  journal	= {The Annals of Mathematical Statistics},
  year		= {1959},
  volume	= {30},
  pages		= {389--407},
  owner		= {merkle},
  timestamp	= {2010.05.27}
}

@Article{	  stache06,
  author	= {S. Stark and O. S. Chernyshenko and F. Drasgow},
  title		= {Detecting differential item functioning with confirmatory
		  factor analysis and item response theory: {T}oward a
		  unified strategy},
  journal	= {Journal of Applied Psychology},
  year		= {2006},
  volume	= {91},
  pages		= {1292--1306},
  owner		= {merkle},
  timestamp	= {2009.07.20}
}

@Article{	  strmal09,
  author	= {C. Strobl and J. Malley and G. Tutz},
  title		= {An introduction to recursive partitioning: {R}ationale,
		  application, and characteristics of classification and
		  regression trees, bagging, and random forests},
  journal	= pm,
  year		= {2009},
  volume	= {14},
  pages		= {323--348},
  owner		= {merkle},
  timestamp	= {2010.02.08}
}

@Article{	  wald43,
  author	= {A. Wald},
  title		= {Tests of statistical hypotheses concerning several
		  parameters when the number of observations is large},
  journal	= {Transactions of the American Mathematical Society},
  year		= {1943},
  volume	= {54},
  pages		= {426--482},
  owner		= {merkle},
  timestamp	= {2010.06.08}
}

@InCollection{	  wot00,
  author	= {W. Wothke},
  title		= {Longitudinal and multi-group modeling with missing data},
  booktitle	= {Modeling longitudinal and multilevel data:\ {P}ractical
		  issues, applied approaches, and specific examples},
  publisher	= {Mahwah, NJ:\ Lawrence Erlbaum Associates},
  year		= {2000},
  editor	= {T. D. Little and K. U. Schnabel and J. Baumert}
}

@Article{	  zeihor07,
  author	= {A. Zeileis and K. Hornik},
  title		= {Generalized {M}-fluctuation tests for parameter
		  instability},
  journal	= {Statistica Neerlandica},
  year		= {2007},
  volume	= {61},
  pages		= {488--508},
  owner		= {merkle},
  timestamp	= {2009.03.17}
}

@Article{	  zeihot08,
  author	= {A. Zeileis and T. Hothorn and K. Hornik},
  title		= {Model-based recursive partitioning},
  journal	= {Journal of Computational and Graphical Statistics},
  year		= {2008},
  volume	= {17},
  pages		= {492--514},
  owner		= {merkle},
  timestamp	= {2009.03.11}
}

@Article{	  zeisha10,
  author	= {A. Zeileis and A. Shah and I. Patnaik},
  title		= {Testing, monitoring, and dating structural changes in
		  exchange rate regimes},
  journal	= {Computational Statistics \& Data Analysis},
  year		= {2010},
  volume	= {54},
  pages		= {1696--1706},
  owner		= {merkle},
  timestamp	= {2010.09.16}
}
